@online{trello,
author = {Trello},
title = {Trello},
url = {https://trello.com/}
}

@online{angular,
author={Google},
title = {AngularJS},
url = {https://angularjs.org/}
}

@online{kanban,
author={Dan, Radigan},
title = {Kanban},
url = {https://www.atlassian.com/agile/scrum}
}

@online{restful_api,
	author={Margaret, Rouse}
	title = {RESTful API},
	url = {https://searchmicroservices.techtarget.com/definition/RESTful-API}
}

@online{obj,
	author={Wavefront}
	title = {Wavefront OBJ},
	url = {https://www.fileformat.info/format/wavefrontobj/egff.htm}
}

@online{json,
	author={IETF}
	title = {IET17},
	url = {https://tools.ietf.org/html/rfc8259}
}

@online{node,
author={Node},
title = {Node},
url = {https://nodejs.org/en/}
}

@online{mongodb,
author={MongoDB},
title = {MongoDB},
url = {https://www.mongodb.com/nosql-explained?jmp=footer}
}

@online{rest,
author={Norberto Leite},
month={April},
year={2015},
title={Building your first application with MongoDB: Creating a REST API using the MEAN Stack},
url={https://www.mongodb.com/blog/post/building-your-first-application-mongodb-creating-rest-api-using-mean-stack-part-1?jmp=docs&_ga=1.200080494.1978830653.1465371972}
}

@book{html5,
author = {Peter, Lubbers and Brian, Albers and Frank, Salim},
title = {HTML5 Tecniche professionali},
publisher = {Hoepli},
date = {2011},
location = {Milano},
}

@book{ajax,
author = {Joe, Fawcett and Jeremy, McPeak and Nicholas, C.Zakas},
title = {Ajax Guida per lo sviluppatore},
publisher = {Hoepli},
date = {2007},
location = {Milano},
}
